
@book {Bona,
    AUTHOR = {B\'{o}na, Mikl\'{o}s},
     TITLE = {A walk through combinatorics},
   EDITION = {Fourth},
 PUBLISHER = {World Scientific Publishing Co. Pte. Ltd., Hackensack, NJ},
      YEAR = {2017},
     PAGES = {xx+593},
      ISBN = {978-981-3148-84-0},
   MRCLASS = {05-01},
  MRNUMBER = {3560666},
}
      NOTE = {An introduction to enumeration and graph theory,
              With a foreword by Richard Stanley},

@book {Burton,
    AUTHOR = {Burton, David M.},
     TITLE = {Elementary number theory},
   EDITION = {Second},
 PUBLISHER = {W. C. Brown Publishers, Dubuque, IA},
      YEAR = {1989},
     PAGES = {xviii+450},
      ISBN = {0-697-05919-7},
   MRCLASS = {11-01},
  MRNUMBER = {990017},
MRREVIEWER = {Harvey Cohn},
}

@Article{kotnik-vandelune,
 Author = {Kotnik, Tadej and van de Lune, Jan},
 Title = {On the order of the {Mertens} function},
 FJournal = {Experimental Mathematics},
 Journal = {Exp. Math.},
 ISSN = {1058-6458},
 Volume = {13},
 Number = {4},
 Pages = {473--481},
 Year = {2004},
 Language = {English},
 DOI = {10.1080/10586458.2004.10504556},
 Keywords = {11N56,11Y35,11-04},
 zbMATH = {2150494},
 Zbl = {1065.11078}
}

@article {lagarias-richman,
    AUTHOR = {Lagarias, Jeffrey C. and Richman, David Harry},
     TITLE = {The floor quotient partial order},
   JOURNAL = {Adv. in Appl. Math.},
  FJOURNAL = {Advances in Applied Mathematics},
    VOLUME = {153},
      YEAR = {2024},
     PAGES = {Paper No. 102615, 54},
      ISSN = {0196-8858},
   MRCLASS = {06A06 (05A16 06A07 11A05 11N80 15B36 39B72)},
  MRNUMBER = {4653950},
MRREVIEWER = {Antonino Leonardis},
       DOI = {10.1016/j.aam.2023.102615},
       URL = {https://doi.org/10.1016/j.aam.2023.102615},
}

@Article{matplotlib,
  Author    = {Hunter, J. D.},
  Title     = {Matplotlib: A 2D graphics environment},
  Journal   = {Computing in Science \& Engineering},
  Volume    = {9},
  Number    = {3},
  Pages     = {90--95},
  abstract  = {Matplotlib is a 2D graphics package used for Python for
  application development, interactive scripting, and publication-quality
  image generation across user interfaces and operating systems.},
  publisher = {IEEE COMPUTER SOC},
  doi       = {10.1109/MCSE.2007.55},
  year      = 2007
}

@article{mertens,
  title={{\"U}ber eine zahlentheoretische {F}unktion},
  author={Mertens, Franz},
  journal={Sitzungsberichte Akad. Wiss. Wien IIa},
  volume={106},
  pages={761--830},
  year={1897}
}

@article{mobius,
  author = {M\"{o}bius, A. F.},
  title = {\"{U}ber eine besondere {A}rt von {U}mkehrung der {R}eihen},
  journal = {Journal f\"{u}r die reine und angewandte Mathematik},
  volume = {9},
  pages = {105--123},
  year = {1832},
}

@Article{numpy,
 title         = {Array programming with {NumPy}},
 author        = {Charles R. Harris and K. Jarrod Millman and St{\'{e}}fan J.
                 van der Walt and Ralf Gommers and Pauli Virtanen and David
                 Cournapeau and Eric Wieser and Julian Taylor and Sebastian
                 Berg and Nathaniel J. Smith and Robert Kern and Matti Picus
                 and Stephan Hoyer and Marten H. van Kerkwijk and Matthew
                 Brett and Allan Haldane and Jaime Fern{\'{a}}ndez del
                 R{\'{i}}o and Mark Wiebe and Pearu Peterson and Pierre
                 G{\'{e}}rard-Marchant and Kevin Sheppard and Tyler Reddy and
                 Warren Weckesser and Hameer Abbasi and Christoph Gohlke and
                 Travis E. Oliphant},
 year          = {2020},
 month         = sep,
 journal       = {Nature},
 volume        = {585},
 number        = {7825},
 pages         = {357--362},
 doi           = {10.1038/s41586-020-2649-2},
 publisher     = {Springer Science and Business Media {LLC}},
 url           = {https://doi.org/10.1038/s41586-020-2649-2}
}

author = {N. J. A. Sloane},

@misc {OEIS-mobius,
author = {{OEIS Foundation Inc. (2022)}},
 title = {Entry {A}350682 in the {O}n-{L}ine {E}ncyclopedia of {I}nteger {S}equences},
  note = {\url{http://oeis.org/A350682}},
}

@misc {OEIS-mobius-sums,
author = {{OEIS Foundation Inc. (2022)}},
 title = {Entry {A}351167 in the {O}n-{L}ine {E}ncyclopedia of {I}nteger {S}equences},
  note = {\url{http://oeis.org/A351167}},
}

@misc{plotly, 
author = {{Plotly Technologies Inc.}}, 
title = {Collaborative data science}, 
publisher = {Plotly Technologies Inc.}, 
address = {Montreal, QC}, 
year = {2015}, 
note = {\url{https://plot.ly}}, 
url = {https://plot.ly} 
}

@book{python,
 author = {Van Rossum, Guido and Drake, Fred L.},
 title = {Python 3 Reference Manual},
 year = {2009},
 isbn = {1441412697},
 publisher = {CreateSpace},
 address = {Scotts Valley, CA}
}

@Article{rota,
 Author = {Rota, Gian-Carlo},
 Title = {On the foundations of combinatorial theory. {I}: {Theory} of {M{\"o}bius} functions},
 FJournal = {Zeitschrift f{\"u}r Wahrscheinlichkeitstheorie und Verwandte Gebiete},
 Journal = {Z. Wahrscheinlichkeitstheor. Verw. Geb.},
 ISSN = {0044-3719},
 Volume = {2},
 Pages = {340--368},
 Year = {1964},
 Language = {English},
 DOI = {10.1007/BF00531932},
 Keywords = {06A07,05A15},
 zbMATH = {3195424},
 Zbl = {0121.02406}
}

@book {tenenbaum,
    AUTHOR = {Tenenbaum, G\'{e}rald},
     TITLE = {Introduction to analytic and probabilistic number theory},
    SERIES = {Graduate Studies in Mathematics},
    VOLUME = {163},
   EDITION = {Third},
      NOTE = {Translated from the 2008 French edition by Patrick D. F. Ion},
 PUBLISHER = {American Mathematical Society, Providence, RI},
      YEAR = {2015},
     PAGES = {xxiv+629},
      ISBN = {978-0-8218-9854-3},
   MRCLASS = {11-02 (11Kxx 11Mxx 11Nxx)},
  MRNUMBER = {3363366},
       DOI = {10.1090/gsm/163},
       URL = {https://doi-org.offcampus.lib.washington.edu/10.1090/gsm/163},
}